@misc{schulman2017proximal,
      title={Proximal Policy Optimization Algorithms}, 
      author={John Schulman and Filip Wolski and Prafulla Dhariwal and Alec Radford and Oleg Klimov},
      year={2017},
      eprint={1707.06347},
      archivePrefix={arXiv},
      primaryClass={cs.LG}
}
@misc{mnih2013playing,
      title={Playing Atari with Deep Reinforcement Learning}, 
      author={Volodymyr Mnih and Koray Kavukcuoglu and David Silver and Alex Graves and Ioannis Antonoglou and Daan Wierstra and Martin Riedmiller},
      year={2013},
      eprint={1312.5602},
      archivePrefix={arXiv},
      primaryClass={cs.LG}
}
@ARTICLE{8509143,
  author={Alzhouri, Fadi and Agarwal, Anjali and Liu, Yan},
  journal={IEEE Transactions on Cloud Computing}, 
  title={Maximizing Cloud Revenue using Dynamic Pricing of Multiple Class Virtual Machines}, 
  year={2021},
  volume={9},
  number={2},
  pages={682-695},
  doi={10.1109/TCC.2018.2878023}}
@ARTICLE{9863896,
  author={Nevin, Josh W. and Nallaperuma, Sam and Shevchenko, Nikita A. and Shabka, Zacharaya and Zervas, Georgios and Savory, Seb J.},
  journal={Journal of Optical Communications and Networking}, 
  title={Techniques for applying reinforcement learning to routing and wavelength assignment problems in optical fiber communication networks}, 
  year={2022},
  volume={14},
  number={9},
  pages={733-748},
  keywords={Optical fiber networks;Training;Routing;Reinforcement learning;Wavelength assignment;Standards;Mathematical models},
  doi={10.1364/JOCN.460629}}